@InProceedings{reliability,
  author={J. von Neumann},
  title={Probabilistic logics and synthesis of reliable organisms from unreliable components},
  booktitle={Automata Studies},
  year={1956},
  editor={C. Shannon and J. McCarthy},
  pages={43--98},
  organization={},
  publisher={Princeton University Press},
  series={},
  volume={},
  address={},
  month={},
  note={},
  key={}
}

@article{consensus,
  author = {Fischer, Michael J. and Lynch, Nancy A. and Paterson, Michael S.},
  title = {Impossibility of Distributed Consensus with One Faulty Process},
  journal = {J. ACM},
  issue_date = {April 1985},
  volume = {32},
  number = {2},
  month = apr,
  year = {1985},
  issn = {0004-5411},
  pages = {374--382},
  numpages = {9},
  url = {http://doi.acm.org/10.1145/3149.214121},
  doi = {10.1145/3149.214121},
  acmid = {214121},
  publisher = {ACM},
  address = {New York, NY, USA},
}

@article{paxos,
  author = {Lamport, Leslie},
  title = {The Part-time Parliament},
  journal = {ACM Trans. Comput. Syst.},
  issue_date = {May 1998},
  volume = {16},
  number = {2},
  month = may,
  year = {1998},
  issn = {0734-2071},
  pages = {133--169},
  numpages = {37},
  url = {http://doi.acm.org/10.1145/279227.279229},
  doi = {10.1145/279227.279229},
  acmid = {279229},
  publisher = {ACM},
  address = {New York, NY, USA},
  keywords = {state machines, three-phase commit, voting},
}

@inproceedings{epaxos,
  author = {Moraru, Iulian and Andersen, David G. and Kaminsky, Michael},
  title = {There is More Consensus in Egalitarian Parliaments},
  booktitle = {Proceedings of the Twenty-Fourth ACM Symposium on Operating Systems Principles},
  series = {SOSP '13},
  year = {2013},
  isbn = {978-1-4503-2388-8},
  location = {Farminton, Pennsylvania},
  pages = {358--372},
  numpages = {15},
  url = {http://doi.acm.org/10.1145/2517349.2517350},
  doi = {10.1145/2517349.2517350},
  acmid = {2517350},
  publisher = {ACM},
  address = {New York, NY, USA},
}

@techreport{generalized-paxos,
  author = {Lamport, Leslie},
  title = {Generalized Consensus and Paxos},
  booktitle = {},
  year = {2005},
  month = {March},
  publisher = {},
  url = {https://www.microsoft.com/en-us/research/publication/generalized-consensus-and-paxos/},
  address = {},
  pages = {60},
  journal = {},
  volume = {},
  chapter = {},
  isbn = {},
}

@inproceedings{chubby,
  author = {Burrows, Mike},
  title = {The Chubby Lock Service for Loosely-coupled Distributed Systems},
  booktitle = {Proceedings of the 7th Symposium on Operating Systems Design and Implementation},
  series = {OSDI '06},
  year = {2006},
  isbn = {1-931971-47-1},
  location = {Seattle, Washington},
  pages = {335--350},
  numpages = {16},
  url = {http://dl.acm.org/citation.cfm?id=1298455.1298487},
  acmid = {1298487},
  publisher = {USENIX Association},
  address = {Berkeley, CA, USA},
}

@inproceedings{zookeeper,
  author = {Hunt, Patrick and Konar, Mahadev and Junqueira, Flavio P. and Reed, Benjamin},
  title = {ZooKeeper: Wait-free Coordination for Internet-scale Systems},
  booktitle = {Proceedings of the 2010 USENIX Conference on USENIX Annual Technical Conference},
  series = {USENIXATC'10},
  year = {2010},
  location = {Boston, MA},
  pages = {11--11},
  numpages = {1},
  url = {http://dl.acm.org/citation.cfm?id=1855840.1855851},
  acmid = {1855851},
  publisher = {USENIX Association},
  address = {Berkeley, CA, USA},
}